@manual{secret,
	author = {Beth Winegarner},
	title = {6 ways journalists can keep their reporting materials private and off-the-record},
	journal = {Poynter},
	address = {\url{http://www.poynter.org/2013/6-tips-for-keeping-your-secret-communications-secret-and-your-anonymous-sources-anonymous/215242/}},
	year = {2013}
}

@manual{case,
	title = {Case of Goodwin v. the United Kingdom},
	address = {\url{http://worldlii.org/eu/cases/ECHR/1996/16.html}},
	year = {1996}
}

@techreport{journalists,
	author = {Susan E. McGregor, Polina Charters, Tobin Holliday and Franziska Roesner},	
	title = {Investigating the Computer Security Practices and Needs of Journalists},
	year = {2015}
}